@article{Lemey2009,
   Author="Lemey, P.  and Rambaut, A.  and Drummond, A. J.  and Suchard, M. A. ",
   Title="{{B}ayesian phylogeography finds its roots}",
   Journal="PLoS Comput. Biol.",
   Year="2009",
   Volume="5",
   Number="9",
   Pages="e1000520",
   Month="Sep"
}
@article{Nelson2011,
   Author="Nelson, M. I.  and Lemey, P.  and Tan, Y.  and Vincent, A.  and Lam, T. T.  and Detmer, S.  and Viboud, C.  and Suchard, M. A.  and Rambaut, A.  and Holmes, E. C.  and Gramer, M. ",
   Title="{{S}patial dynamics of human-origin {H}1 influenza {A} virus in {N}orth {A}merican swine}",
   Journal="PLoS Pathog.",
   Year="2011",
   Volume="7",
   Number="6",
   Pages="e1002077",
   Month="Jun"
}
@article{Bahl2011,
   Author="Bahl, J.  and Nelson, M. I.  and Chan, K. H.  and Chen, R.  and Vijaykrishna, D.  and Halpin, R. A.  and Stockwell, T. B.  and Lin, X.  and Wentworth, D. E.  and Ghedin, E.  and Guan, Y.  and Peiris, J. S.  and Riley, S.  and Rambaut, A.  and Holmes, E. C.  and Smith, G. J. ",
   Title="{{T}emporally structured metapopulation dynamics and persistence of influenza {A} {H}3{N}2 virus in humans}",
   Journal="Proc. Natl. Acad. Sci. U.S.A.",
   Year="2011",
   Volume="108",
   Number="48",
   Pages="19359--19364",
   Month="Nov"
}
@article{Faria2012a,
   Author="Faria, N. R.  and Hodges-Mameletzis, I.  and Silva, J. C.  and Rodes, B.  and Erasmus, S.  and Paolucci, S.  and Ruelle, J.  and Pieniazek, D.  and Taveira, N.  and Trevino, A.  and Goncalves, M. F.  and Jallow, S.  and Xu, L.  and Camacho, R. J.  and Soriano, V.  and Goubau, P.  and de Sousa, J. D.  and Vandamme, A. M.  and Suchard, M. A.  and Lemey, P. ",
   Title="{{P}hylogeographical footprint of colonial history in the global dispersal of human immunodeficiency virus type 2 group {A}}",
   Journal="J. Gen. Virol.",
   Year="2012",
   Volume="93",
   Number="Pt 4",
   Pages="889--899",
   Month="Apr"
}
@article{Faria2012b,
   Author="Faria, N. R.  and Suchard, M. A.  and Abecasis, A.  and Sousa, J. D.  and Ndembi, N.  and Bonfim, I.  and Camacho, R. J.  and Vandamme, A. M.  and Lemey, P. ",
   Title="{{P}hylodynamics of the {H}{I}{V}-1 {C}{R}{F}02\_{A}{G} clade in {C}ameroon}",
   Journal="Infect. Genet. Evol.",
   Year="2012",
   Volume="12",
   Number="2",
   Pages="453--460",
   Month="Mar"
}
@Article{Faria2011,
   Author="Faria, N. R.  and Suchard, M. A.  and Rambaut, A.  and Lemey, P. ",
   Title="{{T}oward a quantitative understanding of viral phylogeography}",
   Journal="Curr Opin Virol",
   Year="2011",
   Volume="1",
   Number="5",
   Pages="423--429",
   Month="Nov"
}
@Article{Carvalho2012,
   Author="de Carvalho, L. M.  and Santos, L. B.  and Faria, N. R.  and de Castro Silveira, W. ",
   Title="{{P}hylogeography of foot-and-mouth disease virus serotype {O} in {E}cuador}",
   Journal="Infect. Genet. Evol.",
   Year="2013",
   Volume="13",
   Pages="76--88",
   Month="Jan"
}